@misc{lightningnetwork,
  title={The bitcoin lightning network: Scalable off-chain instant payments},
  author={Poon, Joseph and Dryja, Thaddeus},
  year={2016}
}

@inproceedings{khalil2017revive,
  title={Revive: Rebalancing off-blockchain payment networks},
  author={Khalil, Rami and Gervais, Arthur},
  booktitle={Proceedings of the 2017 ACM SIGSAC Conference on Computer and Communications Security},
  pages={439--453},
  year={2017},
  organization={ACM}
}

@article{speedymurmurs,
  title={Settling payments fast and private: Efficient decentralized routing for path-based transactions},
  author={Roos, Stefanie and Moreno-Sanchez, Pedro and Kate, Aniket and Goldberg, Ian},
  journal={arXiv preprint arXiv:1709.05748},
  year={2017}
}

@article{interledger,
  title={A protocol for interledger payments},
  author={Thomas, Stefan and Schwartz, Evan},
  journal={URL https://interledger. org/interledger. pdf},
  year={2015}
}

@article{spidernetwork,
  title={Routing cryptocurrency with the spider network},
  author={Sivaraman, Vibhaalakshmi and Venkatakrishnan, Shaileshh Bojja and Alizadeh, Mohammad and Fanti, Giulia and Viswanath, Pramod},
  journal={arXiv preprint arXiv:1809.05088},
  year={2018}
}

@inproceedings{silentwhispers,
  title={SilentWhispers: Enforcing Security and Privacy in Decentralized Credit Networks.},
  author={Malavolta, Giulio and Moreno-Sanchez, Pedro and Kate, Aniket and Maffei, Matteo},
  booktitle={NDSS},
  year={2017}
}

@inproceedings{decker2015fast,
  title={A fast and scalable payment network with bitcoin duplex micropayment channels},
  author={Decker, Christian and Wattenhofer, Roger},
  booktitle={Symposium on Self-Stabilizing Systems},
  pages={3--18},
  year={2015},
  organization={Springer}
}

@article{bitcoin,
  title={Bitcoin: A peer-to-peer electronic cash system},
  author={Nakamoto, Satoshi and others},
  year={2008},
  publisher={Working Paper}
}

@article{bitcointhroughput,
  title={Bitcoin and Ethereum vs Visa and PayPal--Transactions per second},
  author={Vermeulen, Jan},
  journal={My Broadband},
  volume={22},
  year={2017}
}

@inproceedings{defigueiredo2005trustdavis,
  title={Trustdavis: A non-exploitable online reputation system},
  author={DeFigueiredo, Dd B and Barr, Earl T},
  booktitle={Seventh IEEE International Conference on E-Commerce Technology (CEC'05)},
  pages={274--283},
  year={2005},
  organization={IEEE}
}

@article{fugger2004money,
  title={Money as IOUs in social trust networks \& a proposal for a decentralized currency network protocol},
  author={Fugger, Ryan},
  journal={Hypertext document. Available electronically at http://ripple.sourceforge.net},
  volume={106},
  year={2004}
}

@inproceedings{ripple,
  title={Ripple: Overview and outlook},
  author={Armknecht, Frederik and Karame, Ghassan O and Mandal, Avikarsha and Youssef, Franck and Zenner, Erik},
  booktitle={International Conference on Trust and Trustworthy Computing},
  pages={163--180},
  year={2015},
  organization={Springer}
}

@article{mazieres2015stellar,
  title={The stellar consensus protocol: A federated model for internet-level consensus},
  author={Mazieres, David},
  journal={Stellar Development Foundation},
  year={2015},
  publisher={Citeseer}
}

@article{ethereum,
  title={Ethereum: A secure decentralised generalised transaction ledger},
  author={Wood, Gavin and others},
  journal={Ethereum project yellow paper},
  volume={151},
  pages={1--32},
  year={2014}
}

@misc{raidennetwork,
  title={{The Raiden Network}},
  month=may,
  year={2019},
  howpublished={\url{https://raiden.network}}
}

@inproceedings{viswanath2012canal,
  title={Canal: Scaling social network-based Sybil tolerance schemes},
  author={Viswanath, Bimal and Mondal, Mainack and Gummadi, Krishna P and Mislove, Alan and Post, Ansley},
  booktitle={Proceedings of the 7th ACM european conference on Computer Systems},
  pages={309--322},
  year={2012},
  organization={ACM}
}

@inproceedings{mislove2008ostra,
  title={Ostra: Leveraging Trust to Thwart Unwanted Communication.},
  author={Mislove, Alan and Post, Ansley and Druschel, Peter and Gummadi, P Krishna},
  booktitle={Nsdi},
  volume={8},
  pages={15--30},
  year={2008}
}

@article{miller2017sprites,
  title={Sprites: Payment channels that go faster than lightning},
  author={Miller, Andrew and Bentov, Iddo and Kumaresan, Ranjit and McCorry, Patrick},
  journal={arXiv preprint arXiv:1702.05812},
  year={2017}
}

@article{gencer2018decentralization,
  title={Decentralization in bitcoin and ethereum networks},
  author={Gencer, Adem Efe and Basu, Soumya and Eyal, Ittay and Van Renesse, Robbert and Sirer, Emin G{\"u}n},
  journal={arXiv preprint arXiv:1801.03998},
  year={2018}
}

@inproceedings{gray1986computers,
  title={Why do computers stop and what can be done about it?},
  author={Gray, Jim},
  booktitle={Symposium on reliability in distributed software and database systems},
  pages={3--12},
  year={1986},
  organization={Los Angeles, CA, USA}
}

@article{rohrer2019discharged,
  title={Discharged Payment Channels: Quantifying the Lightning Network's Resilience to Topology-Based Attacks},
  author={Rohrer, Elias and Malliaris, Julian and Tschorsch, Florian},
  journal={arXiv preprint arXiv:1904.10253},
  year={2019}
}

@misc{speedymurmurssimulator,
  title={{SpeedyMurmurs simulator}},
  month=feb,
  year={2019},
  howpublished={\url{https://crysp.uwaterloo.ca/software/speedymurmurs/}}
}