@article{rohrer2019discharged,
  title={Discharged Payment Channels: Quantifying the Lightning Network's Resilience to Topology-Based Attacks},
  author={Rohrer, Elias and Malliaris, Julian and Tschorsch, Florian},
  journal={arXiv preprint arXiv:1904.10253},
  year={2019}
}
